\begin{filecontents}{lit.bib}
@Book{HZ,
    Author  = {Richard Hartley and Andrew Zisserman},
    Title   = {Multiple View Geometry in computer vision},
    Year    = {2004, Second Edition},
    Publisher = {Cambridge}
 }

@phdthesis{phdTwoView,
  Type = {Dissertation},
  Title = {Two-View Geometry of Omnidirectional Cameras},
  Author = {Branislav Micusik},
  School = {Technische Universität Prag},
  %URL = {http://citeseerx.ist.psu.edu/viewdoc/download?doi=10.1.1.475.456&rep=rep1&type=pdf},
  Year = {2004},
}

@phdthesis{phdextrinsicPara,
  Type = {Dissertation},
  Title = {3-dimensionale Rekonstruktion einer Tischszene aus monokularen Handkamera-Bildsequenzen im Kontext automotiver Serviceroboter},
  Author = {Sascha jockel},
  School = {Fakultät für Mathematik, Informatik und Naturwissenschaften, Universität Hamburg},
  %URL = {http://citeseerx.ist.psu.edu/viewdoc/download?doi=10.1.1.475.456&rep=rep1&type=pdf},
  Year = {2006},
}

@Article{Hoffmann,
    Author  = {Thao Dang, Christian Hoffmann, Christoph Stiller},
    Title   = {Continuous Stereo Self-Calibration by Camera Parameter Tracking},
   % Volume  = {IEEE TRANSACTIONS ON IMAGE PROCESSING, VOL. 18, NO. 7},
Year = {IEEE TRANSACTIONS ON IMAGE PROCESSING, VOL. 18, NO. 7,2009},
}
 
@Book{Bronstein,
    Author  = {I.N. Bronstein, K.A. Semendjajew},
    Title   = {Taschenbuch der Mathematik},
Volume = {5. Auflage},
    Year    = {First Published 1962},
%Address={"https://doi.org/10.1002/bimj.19640060108"}
 }

@Book{Doessel,
    Author  = {Olaf Dössel},
    Title   = {Bildgebende Verfahren in der Medizin},
Subtitle ={Von der Technik zur medizinischen Anwendung},
Publisher ={Springer-Verlag Berlin Heidelberg},
Volume = {2. Auflage},
    Year    = {2016},
DOI={10.1007/978-3-642-54407-1},
ISBN = {978-3-642-54407-1},
 }


@Book{LongQuan,
    Author  = {LongQuan},
    Title   = {Image Based Modeling},
Volume = {1. Auflage},
    Year    = {2010},
Publisher = {Springer US},
DOI={10.1007/978-1-4419-6679-7},
ISBN = {978-1-4419-6678-0},
 }

@Article{Brooks,
    Author  = {Wojciech Chojnacki, Michael J. Brooks, Antin van den Hengel, Darren Gawey},
    Title   = {Revisiting Hartley's Normalized Eight-Point-Algorithm},   
Publisher={ IEEE Transactions on Pattern Analysis and Machine Intelligence},
 Volume  = {IEEE Transactions on Pattern Analysis and Machine Intelligence,Volume: 25},
Year = {2003},
}

@misc{Mathematica,
  author = {Wolfram Research{,} Inc.},
  title = {Mathematica, {V}ersion 11.1.1},
  note = {Champaign, IL, 2018}
}

@Article{SIFTSURF,
    Author  = {Xiaozhi Qu, Bahman Soheilian, Emmanuel Habets, Nicolas Paparoditis},
    Title   = {Evaluation of SIFT and SURF for vision based Localization},   
Publisher={The International Archives of the Photogrammetry, Remote Sensing and Spatial Information Sciences},
 Volume  = {The International Archives of the Photogrammetry, Remote Sensing and Spatial Information Sciences, Volume XLI-B3},
Year = {2016},
}

@Article{ConditionNumber,
    Author  = {Anna Pyzara, Beata Bylina, Jarosław Bylina},
    Title   = {The influence of a matrix condition number on iterative methods convergence},   
Publisher={Proceedings of the Federated Conference on Computer Science and Information Systems},
 Volume  = {Proceedings of the Federated Conference on Computer Science and Information Systems, pp. 459–464},
Year = {2011},
}

@Article{Manocha,
    Author  = {Dinesh Manocha, James Demmel},
    Title   = {Algorithms for Intersecting Parametric and Algebraic Curves 1},  
Subtitle={Simple Intersections} ,
Publisher={ACM Transactions on Graphics (TOG) },
 Volume  = {ACM Transactions on Graphics (TOG), Volume 13 Issue 1, Pages 73-100  },
Year = {1994},
}

@Book{KIT,
    Author  = {Bernd KITT},
    Title   = {Effiziente Schätzung dichter Bewegungsvektorfelder},
Volume = {Band 027},
    Year    = {2013},
Publisher = {KIT Scientific Publishing},
ISBN = {978-3-7315-0105-3},
 }

@Book{FormelsammlungMatrizen,
    Author  = {Christian Voigt, Jürgen Adamy},
    Title   = {Formelsammlung der Matrizenrechnung},
Publisher ={Oldenburg Verlag München Wien},
    Year    = {2007},
ISBN = {978-3-486-58350-2},
 }

@Book{Elements,
    Author  = {Tomas Pajdla},
    Title   = {Elements of Geometry for Computer Vision},
    Year    = {2013, überarbeitet am 27.2.2017},
Address={"http://people.ciirc.cvut.cz/~pajdla/"}
 }

@Book{Ferid,
    Author  = {Ferid Bajrmovic},
    Title   = {Self- Calibration of Multi- Camera Systems},
adress  = {Dissertation an der Fakultät für Mathematik und Informatik der Friedrich-Schiller-Universität Jena},
Publisher = {Logos Verlag Berlin GmbH},
Year = {2010},
 }

@Article{HZ8,
    Author  = {Richard I. Hartley},
    Title   = {In Defence of the 8-point Algorithm},
    Volume  = { GE-Corporate Research and Development, Schenectady, NY, 12309},
 }

@Article{Mandun,
    Author  = {Zhang Mandun, Qi Lichao, Cui Guodong, Yu Ming },
    Title   = {A Triangulation Method in 3D Reconstruction from Image Sequences},
    Volume  = { College of Computer Science and Software, Hebei University of Technology
Tianjin, China },
Year = {2009,  Second International Conference on Intelligent Networks and Intelligent Systems},
 }

@Article{ZZ,
    Author  = {Charles Loop and Zhengyou Zhang},
    Title   ={Computing Rectifying Homographies for Stereo Vision},
    Volume  = {Proceedings of IEEE Conference on Computer Vision and Pattern Recognition, Vol.1, pages 125–131, June 23-25, 1999. Fort Collins, Colorado, USA},
    Year    = {1999 Errors corrected on June 6, 2001},
 }

@Book{Peiffer,
    author  = {Jeanne Peiffer and Amy Dahan-Dalmedico},
    title   ={Wege und Irrwege - Eine Geschichte der Mathematik},
    year    = {1986, 1994 Springer Basel AG, Editions du Seuil, Springer Basel AG , aus dem französischen von Klaus Volkert},
 }

@Book{ZZGXr,
    author  = {Gang Xu, Zhengyou Zhang},
    title   ={Epipolar Geometry in Stereo, Motion and Object Recognition: A Unified Approach},
    year    = {1996},
    Publisher={Springer-Science and Buissness Media},
 }

@Book{Heipke,
    Author  = {Christian Heipke},
    Title   ={Photogrammetrie und Fernerkundung},
    Year    = {2017 Springer,1. Auflage},
 }

@Book{Roser,
    author  = {Dipl.-Ing. Martin Roser},
    title   ={Modellbasierte und positionsgenaue Erkennung von Regentropfen in Bildfolgen zur Verbesserung von viedeobasierten Fahrerassistenzfunktionen},
    year    = {1986, 1994 Springer Basel AG, KIT Scientific Publishing},
 }

@Book{Schwarz,
    author  = {Hans Rudolf Schwarz, Norbert Köckler },
    title   ={Numerische Mathematik},
    year    = {2011, Springer Verlag, 8. Auflage},
 }

@Article{Fusiello,
	 author  = {Andrea Fusiello, Luca Irsara },
	title  = {Euclidean Epipolar rectification of Uncalibrated Images},
	volume = {Eurac researc, IT},
 }


@Book{Scholz,
    author  = {Daniel Scholz },
    title   ={Numerik interaktiv, Grundlagen verstehen, Modelle erforschen und Verfahren anwenden mit taramath},
    year    = {2016, Sringer Verlag},
 }

@manuall{MatlabRec,
author={MathWorks},
	title  = {Mathworks Documentation, rectify Stereo Images },
	% note   = {\url{"https://de.mathworks.com/help/vision/ref/rectifystereoimages.html"}},
 }


@manuall{MatlabStereoApp,
author={MathWorks},
	title  = {Mathworks Documentation, Stereo camera calibration App },
	% note   = {\url{"https://de.mathworks.com/help/vision/stereo-camera-calibration.html"}},
 }


@manuall{MatlabCamParam,
author={MathWorks},
	title  = {Mathworks Documentation,estimate Camera Parameters },
	% note   = {\url{"https://de.mathworks.com/help/vision/ref/estimatecameraparameters.html"}},
 }


@manuall{MatlabDisp,
author={MathWorks},
	title  = {Mathworks Documentation, Disparity },
	% note   = {\url{"https://de.mathworks.com/help/vision/ref/disparity.html"}},
 }

@manuall{Canon6D,
author={Canon},
	title  = {EOS 6D, EOS 6D (WG), EOS 6D (N), instruction Manual},
language = {English},
organization = {Canon Inc},
pagetotal ={402},
 }


@Book{Javier,
	 author  = {Antonio Javier Gallego Sanchez, Rafael Molina Carmona, Carlos Villagrá Arnedor},
	title  = {Scene reconstruction and geometrical rectification from stereo images},
  	  year    = {Januar 2005,uploaded by Antonio Javier Gallego Sánchez on 21 May 2014, ResearchGate},
 }


@Book{Fortran77,
	 author  = {William H. Press, Saul A. Teukolsky, William T. Vetterling, Brian P. Flannery},
	title  = {Numerical Recipes in Fortran 77 The Art Of Scientific Computing},
  	  year    = {Reprinted with corrections 1997, Volume 1 of Fortran Numerical Recipes },
publisher = {Copyright Numerical Recipes Software 1986, 1992, 1997 All Rights Reserved.},
 }

@Book{Photonik,
	 author  = {Ekbert Hering, Rolf Martin},
	title  = {Photonik, Grundlagen, Technologien und Anwendung},
  	  year    = {2006 },
publisher = {Springer-Verlag Berlin Heidelberg},
%doi = {https://doi.org/10.1007/3-540-29708-1},
isbn ={978-3-540-29708-6},

 }

@Book{ComputerVision,
	 author  = {Lutz Priese},
	title  = {Computer Vision, Einführung in die Verarbeitung und Analyse digitaler Bilder},
  	  year    = {2014 },
publisher = {Springer-Verlag Berlin Heidelberg},
%doi = {https://doi.org/10.1007/978-3-662-45129-8},
isbn ={978-3-662-45129-8},
 }


@Article{R.H.,
	 author  = {Richard I. Hartley},
	title  = {Euclidean Reconstruction from Uncalibrated Views},
	 volume  = {G.E. CRD, Schenectady, NY, 12301 },
 }

@Article{CamerModels.,
	 author  = {R.Sturm,S,Ramalingam,Tardif,S.Gasparini,J.Barreto},
	title  = {Camera Models and FUndamental Concepts Used in Geometric Computer Vision},
	 volume  = {Mitsubishi Electric Research Laboratories },
Year={2011}
 }

@Article{ACM,
	 author  = {Dinesh Manocha, James Demmel},
	title  = {Algorithms for Interesting Parametric and Algebraic Curves 1: Simple Intersections},
	 volume  = {ACM Transactions of Graphics},
	pages={73-100},
	year={1994}
 }



@Article{ Margulies.,
	 author  = {S. Margulies},
	title  = {Fitting Experimental Data Using the Method of Least Squares},
	volume  = {Department of Physics, University of Illinois at Chicago Circle, Chicago, Illinois 60680},
	year = {1967},
 }

@Inbook{leastSquare,
editor="Li, Dongqing",
title=" Encyclopedia of Microfluidics and Nanofluidics",
bookTitle="Encyclopedia of Microfluidics and Nanofluidics",
year="2008",
publisher="Springer US",
address="Boston, MA",
pages="999--999",
isbn="978-0-387-48998-8",
%doi="10.1007/978-0-387-48998-8_804",
%url="https://doi.org/10.1007/978-0-387-48998-8_804"
}

@Article{ZZPaper,
	 author  = {Zhengyou Zhang},
	title  = {Determining the Epipolar Geometry and its Uncertainty: A Review},
	 Year  = {Received July 16, 1996; Accepted February 13, 1997},
 }

@Inbook{Zhang2014,
author="Zhang, Zhengyou",
editor="Ikeuchi, Katsushi",
title="Epipolar Geometry",
bookTitle="Computer Vision: A Reference Guide",
year="2014",
publisher="Springer US",
address="Boston, MA",
pages="247--258",
isbn="978-0-387-31439-6",
%doi="10.1007/978-0-387-31439-6_128",
%url="https://doi.org/10.1007/978-0-387-31439-6_128"
}

@Book{Jianzhong,
	 author  = {Jianzhong Lu},
	title  = {Ein dreidimensionales Bildverarbeitungssystem für die Automatisierung visueller Prüfvorgänge},
	pages={36ff},
	isbn= {978-3-540-57160-5}
	doi ={10.1007/978-3-642-47866-6}  	  
	year    = {1993 },
	publisher = {Springer Verlag},
 }

@InProceedings{SURF,
author="Bay, Herbert
and Tuytelaars, Tinne
and Van Gool, Luc",
editor="Leonardis, Ale{\v{s}}
and Bischof, Horst
and Pinz, Axel",
title="SURF: Speeded Up Robust Features",
booktitle="Computer Vision -- ECCV 2006",
year="2006",
publisher="Springer Berlin Heidelberg",
address="Berlin, Heidelberg",
pages="404--417",
abstract="In this paper, we present a novel scale- and rotation-invariant interest point detector and descriptor, coined SURF (Speeded Up Robust Features). It approximates or even outperforms previously proposed schemes with respect to repeatability, distinctiveness, and robustness, yet can be computed and compared much faster.",
isbn="978-3-540-33833-8"
}
\end{filecontents}